<?xml version="1.0" encoding="UTF-8"?><collection xmlns="http://www.loc.gov/MARC21/slim"><record><leader>00492nam--2200181-i-4500</leader><controlfield tag="001">000015349</controlfield><controlfield tag="002">20161230</controlfield><controlfield tag="005">20170128142554</controlfield><controlfield tag="008">060222s1000------------r-----000-0-eng-d</controlfield><datafield ind1=" " ind2=" " tag="080"><subfield code="a">517.928:517.929.8</subfield></datafield><datafield ind1="1" ind2=" " tag="100"><subfield code="a">Dold, A</subfield><subfield code="e">ed</subfield></datafield><datafield ind1=" " ind2=" " tag="245"><subfield code="a">Asymptotic analysis II. Surveys and new trends</subfield></datafield><datafield ind1=" " ind2=" " tag="260"><subfield code="a">Berlin</subfield><subfield code="b">Springer-Verlag</subfield><subfield code="c">1983</subfield></datafield><datafield ind1=" " ind2=" " tag="300"><subfield code="a">497 p</subfield></datafield><datafield ind1=" " ind2=" " tag="490"><subfield code="a">Lecture Notes In Mathematics</subfield><subfield code="v">Vol.985</subfield></datafield><datafield ind1=" " ind2=" " tag="700"><subfield code="a">Verhaulst, F</subfield></datafield><datafield ind1=" " ind2=" " tag="852"><subfield code="a">72106</subfield><subfield code="c">517.9</subfield></datafield><datafield ind1=" " ind2=" " tag="CAT"><subfield code="a">SYS</subfield><subfield code="c">20170128</subfield><subfield code="h">142554</subfield></datafield></record></collection>